@article{lotka10,
    title = "Contribution to the Theory of Periodic Reaction",
    author = "Lotka, Alfred J.",
    year = "1910",
    journal = "The Journal of Physical Chemistry A",
    number = "14",
    pages = "271--274"
}

@article{lotka25,
    title = "Elements of Physical Biology",
    author = "Lotka, Alfred J.",
    year = "1925",
    publisher = "Williams and Wilkins"
}

@article{vanderpol,
    title = "On relaxation-oscillations",
    author = "Van der Pol, Balthasar",
    year = "1927",
    pages = "978--992",
    journal = "The London, Edinburgh and Dublin Philosophical Magazine and Journal of Science",
    volume = "2",
    number = "7",
}

@article{volterra,
    title = "Variations and fluctuations of the number of individuals in animal species living together",
    journal = "Animal Ecology",
    author = "Volterra, Vito",
    year = "1931",
    publisher = "McGraw-Hill"
}

@article{may76,
    title = "Simple mathematical models with very complicated dynamics",
    author = "May, Robert M.",
    year = "1976",
    journal = "Nature",
    number = "261",
    pages = "459--467"
}

@article{lorenz64,
    title = "The problem of deducing the climate from the governing equations",
    author = "Lorenz, Edward",
    year = "1964",
    journal = "Tellus",
    pages = "1--11",
    number = "16"
}

@book{zillcull,
    title = "Differential Equations with Boundary Value Problems",
    author = "Zill, Dennis G. and Cullen, Michael R.",
    edition = "Seventh",
    publisher = "BroksCole",
    year = "2008"
}

@book{boycediprima,
    title = "Elementary Differential Equations and Boundary Value Problems",
    author = "Boyce, William E. and DiPrima, Richard C.",
    edition = "Ninth",
    publisher = "Wiley \& Sons",
    year = "2008"
}

@book{dynandbif,
    title = "Dynamics and Bifurcations",
    author = "Hale, Jack K. and Ko\c{c}ak, Hüseyin",
    publisher = "Springer-Verlag",
    year = "1991"
}

@book{fractallectures,
    title = "Lectures on Fractal Geometry and Dynamical Systems",
    author = "Pesin, Yakov and Climenhaga, Vaughn",
    publisher = "American Mathematical Society",
    series = "Student Mathematical Library",
    volume = "52",
    year = "2009"
}

@book{verhulst96,
    title = "Nonlinear Differential Equations and Dynamical Systems",
    author = "Verhulst, Ferdinand",
    edition = "Second",
    publisher = "Springer-Verlag",
    year = "1996"
}

@book{barrvalls,
    title = "Ordinary Differential Equations - Qualitative Theory",
    author = "Barreira, Luis and Valls, Claudia",
    publisher = "American Mathematical Society",
    year = "2012",
    series = "Graduate Studies in Mathematics",
    volume = "137",
}

@book{smale,
    title = "Differential Equations, Dynamical Systems and Linear Algebra",
    author = "Hirsch, Morris W. and Smale, Stephen",
    publisher = "Academic Press",
    year = "1974"
}

@book{complexdynamics,
    title = "Complex Dynamics",
    author = "Carleson, Lennart and Gamelin, Theodore W.",
    publisher = "Springer-Verlag",
    year = "1993"
}

@book{milnorcomplex,
    title = "Dynamics in One Complex Variable",
    edition = "Third",
    author = "Milnor, John W.",
    publisher = "Princeton University Press",
    year = "2006"
}

@book{stiff,
    title = "Solving Ordinary Differential Equations II: Stiff and differential-algebraic problems",
	author = "Hairer, Ernst and Wanner, Gerhard",
	edition = "Second",
	publisher = "Springer-Verlag",
 	year = "1996"
}

@book{nonstiff,
    title = "Solving Ordinary Differential Equations I: Nonstiff Problems",
    author = "Hairer, Ernst and Nørsett, Syvert and Wanner, Gerhard",
    edition = "Second",
    publisher = "Springer-Verlag",
    year = "1993"
}

@book{analisisnumerico,
    title = "Análisis Numérico",
    author = "Kincaid, David and Cheney, Ward",
    publisher = "Addison-Wesley",
    year = "1994"
}

@book{butcher,
    title = "Numerical Methods for Ordinary Differential Equations",
    author = "Butcher, John C.",
    publisher = "Wiley \& Sons",
    year = "2003",
}

@techreport{fehlberg,
    title = "Low-order classical Runge-Kutta formulas with step size control and their application to some heat transfer problems",
    author = "Erwin Fehlberg",
    year = "1969",
    institution = "NASA",
    number = "315"
}

@online{python,
    title = "Python Programming Language",
    url = "http://www.python.org/"
}

@online{libqt,
    title = "Qt Project",
    url = "http://qt-project.org/"
}

@online{pcmagantialiasing,
    title = "Anti-aliasing Definition from PC Magazine Encyclopedia",
    url = "http://www.pcmag.com/encyclopedia_term/0,1237,t=anti-aliasing&i=37810,00.asp"
}

@online{dynamite,
    title = "DYNAMITE",
    author = "Torres, Jorge A.",
    url = "https://github.com/jorgeatorres/dynamite/"
}

@online{wtfpl,
    title = "WTFPL License",
    author = "Hocevar, Sam",
    url = "http://www.wtfpl.net/"
}

@online{phaser,
    title = "PHASER Scientific Software - A Universal Simulator for Dynamical Systems",
    author = "Phaser Scientific Software LLC.",
    url = "http://www.phaser.com/"
}

@book{spivak,
    title = "Calculus on Manifolds",
    author = "Spivak, Michael",
    publisher = "Addison-Wesley",
    year = "1965"
}

@book{fleming,
    title = "Functions of Several Variables",
    edition = "Second",
    author = "Fleming, Wendell",
    year = "1977",
    publisher = "Springer-Verlag"
}

@book{strogatz,
    title = "Non-linear Dynamics and Chaos: With applications to Physics, Biology, Chemistry and Engineering",
    author = "Strogatz, Steven",
    year = "2000",
    publisher = "Perseus Books"
}

@book{swiggins,
    title = "Introduction to Applied nonlinear Dynamical Systems and Chaos",
    author = "Wiggins, S.",
    year = "1990",
    publisher = "Springer-Verlag"
}


@book{brauer,
    title = "Qualitative Theory of Ordinary Differential Equations",
    author = "Brauer, F. and Noel, J.",
    year = "1989",
    publisher = "Dover"
}

@book{coddington,
    title = "Theory of Ordinary Differential Equations",
    author = "Coddington, Earl A. and Levinson, Norman",
    year = "1984",
    publisher = "Krieger Pub Co"
}

@book{arrowsmithchaos,
    title = "Dynamical Systems: Differential Equations, Maps and Chaotic Behaviour",
    author = "Arrowsmith, D. K. and Place, C. M.",
    year = "1992",
    publisher = "Chapman and Hall"
}

@book{arrowsmith,
    title = "Ordinary Differential Equations",
    author = "Arrowsmith, D. K. and Place, C. M.",
    year = "1982",
    publisher = "Chapman and Hill"
}

@book{afrajmovich,
    title = "Bifurcation Theory and Catastrophe Theory",
    author = "Afrajmovich, V.S. and Il'yashenko Yu. S. and Shil'nikov, L. P. and Arnold, V. I.",
    year = "1999",
    publisher = "Springer-Verlag"
}

@online{chaospython,
    title = "Fractals, Chaos and Complex Dynamics",
    url = "http://www.math.uic.edu/~culler/chaos/"
}

@online{chaosatmaryland,
    title = "Chaos Group at The University of Maryland",
    url = "http://www.chaos.umd.edu/"
}

@online{stonydynamics,
    title = "Dynamical Systems Homepage - Stony Brook University",
    url = "http://www.math.sunysb.edu/dynamics/"
}

@online{cornelldynamics,
    title = "Dynamics at Cornell University",
    url = "http://www.math.cornell.edu/~dynamics/"
}